@article{claerbout1991scrutiny,
  title={A Scrutiny of the Introduction},
  author={Claerbout, Jon F},
  journal={The Leading Edge},
  volume={10},
  number={1},
  pages={39--41},
  year={1991},
  publisher={Society of Exploration Geophysicists}
}

@article{landes1951scrutiny,
  title={A Scrutiny of the Abstract},
  author={Landes, Kenneth K},
  journal={Bulletin of the American Association of Petroleum Geologists},
  volume={35},
  number={7},
  pages={1660},
  year={1951}
}


@article{haravsta2018legally,
  title={Legally critical: Defining critical infrastructure in an interconnected world},
  author={Hara{\v{s}}ta, Jakub},
  journal={International Journal of Critical Infrastructure Protection},
  volume={21},
  pages={47--56},
  year={2018},
  publisher={Elsevier}
}

@incollection{alcaraz2012security,
  title={Security aspects of SCADA and DCS environments},
  author={Alcaraz, Cristina and Fernandez, Gerardo and Carvajal, Fernando},
  booktitle={Critical Infrastructure Protection},
  pages={120--149},
  year={2012},
  publisher={Springer}
}
